@article{ahmed2007modeling,
    title     = {Modeling survival in colon cancer: a methodological review},
    author    = {Ahmed, Farid E and Vos, Paul W and Holbert, Don},
    journal   = {Molecular Cancer},
    volume    = {6},
    number    = {1},
    pages     = {1--12},
    year      = {2007},
    publisher = {Springer},
}

@article{alexe2007analysis,
    title     = {Analysis of breast cancer progression using principal component analysis and clustering},
    author    = {Alexe, G and Dalgin, GS and Ganesan, S and Delisi, C and Bhanot, G},
    journal   = {Journal of biosciences},
    volume    = {32},
    number    = {1},
    pages     = {1027--1039},
    year      = {2007},
    publisher = {Springer},
}

@article{aruleba2020applications,
    title     = {Applications of computational methods in biomedical breast cancer imaging diagnostics: A review},
    author    = {Aruleba, Kehinde and Obaido, George and Ogbuokiri, Blessing and Fadaka, Adewale Oluwaseun and Klein, Ashwil and Adekiya, Tayo Alex and Aruleba, Raphael Taiwo},
    journal   = {Journal of Imaging},
    volume    = {6},
    number    = {10},
    pages     = {105},
    year      = {2020},
    publisher = {Multidisciplinary Digital Publishing Institute},
}

@article{ching2018cox,
    title     = {Cox-nnet: an artificial neural network method for prognosis prediction of high-throughput omics data},
    author    = {Ching, Travers and Zhu, Xun and Garmire, Lana X},
    journal   = {PLoS computational biology},
    volume    = {14},
    number    = {4},
    pages     = {e1006076},
    year      = {2018},
    publisher = {Public Library of Science San Francisco, CA USA},
}

@article{cox1972regression,
    title     = {Regression models and life-tables},
    author    = {Cox, David R},
    journal   = {Journal of the Royal Statistical Society: Series B (Methodological)},
    volume    = {34},
    number    = {2},
    pages     = {187--202},
    year      = {1972},
    publisher = {Wiley Online Library},
}

@book{everitt2001analyzing,
    title     = {Analyzing medical data using S-PLUS},
    author    = {Everitt, Brian and Rabe-Hesketh, Sophia},
    year      = {2001},
    publisher = {Springer Science \& Business Media},
}

@article{goossens2015cancer,
    title     = {Cancer biomarker discovery and validation},
    author    = {Goossens, Nicolas and Nakagawa, Shigeki and Sun, Xiaochen and Hoshida, Yujin},
    journal   = {Translational cancer research},
    volume    = {4},
    number    = {3},
    pages     = {256},
    year      = {2015},
    publisher = {NIH Public Access},
}

@article{graf2021association,
    title     = {Association of Copy Number Variation Signature and Survival in Patients With Serous Ovarian Cancer},
    author    = {Graf, Ryon P and Eskander, Ramez and Brueggeman, Leo and Stupack, Dwayne G},
    journal   = {JAMA Network Open},
    volume    = {4},
    number    = {6},
    pages     = {e2114162--e2114162},
    year      = {2021},
    publisher = {American Medical Association},
}

@article{kaplan1958nonparametric,
    title     = {Nonparametric estimation from incomplete observations},
    author    = {Kaplan, Edward L and Meier, Paul},
    journal   = {Journal of the American statistical association},
    volume    = {53},
    number    = {282},
    pages     = {457--481},
    year      = {1958},
    publisher = {Taylor \& Francis},
}

@article{kourou2015machine,
    title     = {Machine learning applications in cancer prognosis and prediction},
    author    = {Kourou, Konstantina and Exarchos, Themis P and Exarchos, Konstantinos P and Karamouzis, Michalis V and Fotiadis, Dimitrios I},
    journal   = {Computational and structural biotechnology journal},
    volume    = {13},
    pages     = {8--17},
    year      = {2015},
    publisher = {Elsevier},
}

@article{madigan1995proportion,
    title     = {Proportion of breast cancer cases in the United States explained by well-established risk factors},
    author    = {Madigan, M Patricia and Ziegler, Regina G and Benichou, Jacques and Byrne, Celia and Hoover, Robert N},
    journal   = {JNCI: Journal of the National Cancer Institute},
    volume    = {87},
    number    = {22},
    pages     = {1681--1685},
    year      = {1995},
    publisher = {Oxford University Press},
}

@inproceedings{rp1950calculation,
    title     = {Calculation of survival rates for cancer.},
    author    = {RP, GAGE and others},
    booktitle = {Proceedings of the staff meetings. Mayo Clinic},
    volume    = {25},
    number    = {11},
    pages     = {270--286},
    year      = {1950},
}

@article{siegel2019cancer,
    title     = {Cancer statistics, 2019},
    author    = {Siegel, Rebecca L and Miller, Kimberly D and Jemal, Ahmedin},
    journal   = {CA: a cancer journal for clinicians},
    volume    = {69},
    number    = {1},
    pages     = {7--34},
    year      = {2019},
    publisher = {Wiley Online Library},
}

@article{tomczak2015cancer,
    title     = {The Cancer Genome Atlas (TCGA): an immeasurable source of knowledge},
    author    = {Tomczak, Katarzyna and Czerwi{\'n}ska, Patrycja and Wiznerowicz, Maciej},
    journal   = {Contemporary oncology},
    volume    = {19},
    number    = {1A},
    pages     = {A68},
    year      = {2015},
    publisher = {Termedia Publishing},
}

@article{wooster2003breast,
    title     = {Breast and ovarian cancer},
    author    = {Wooster, Richard and Weber, Barbara L},
    journal   = {New England Journal of Medicine},
    volume    = {348},
    number    = {23},
    pages     = {2339--2347},
    year      = {2003},
    publisher = {Mass Medical Soc},
}

@inproceedings{xu2012gene,
    title        = {A gene signature for breast cancer prognosis using support vector machine},
    author       = {Xu, Xiaoyi and Zhang, Ya and Zou, Liang and Wang, Minghui and Li, Ao},
    booktitle    = {2012 5th International conference on biomedical engineering and informatics},
    pages        = {928--931},
    year         = {2012},
    organization = {IEEE},
}

@article{zhu2020application,
    title     = {The application of deep learning in cancer prognosis prediction},
    author    = {Zhu, Wan and Xie, Longxiang and Han, Jianye and Guo, Xiangqian},
    journal   = {Cancers},
    volume    = {12},
    number    = {3},
    pages     = {603},
    year      = {2020},
    publisher = {Multidisciplinary Digital Publishing Institute},
}

@article{salani2017update,
  title={An update on post-treatment surveillance and diagnosis of recurrence in women with gynecologic malignancies: Society of Gynecologic Oncology (SGO) recommendations},
  author={Salani, Ritu and Khanna, Namita and Frimer, Marina and Bristow, Robert E and Chen, Lee-may},
  journal={Gynecologic oncology},
  volume={146},
  number={1},
  pages={3--10},
  year={2017},
  publisher={Elsevier}
}

@article{stewart2013gynecologic,
  title={Gynecologic cancer prevention and control in the National Comprehensive Cancer Control Program: progress, current activities, and future directions},
  author={Stewart, Sherri L and Lakhani, Naheed and Brown, Phaeydra M and Larkin, O Ann and Moore, Angela R and Hayes, Nikki S},
  journal={Journal of Women's Health},
  volume={22},
  number={8},
  pages={651--657},
  year={2013},
  publisher={Mary Ann Liebert, Inc. 140 Huguenot Street, 3rd Floor New Rochelle, NY 10801 USA}
}

@article{huang2016incidence,
  title={Incidence and mortality of gynaecological cancers: Secular trends in urban Shanghai, China over 40 years},
  author={Huang, Zhezhou and Zheng, Ying and Wen, Wanqing and Wu, Chunxiao and Bao, Pingping and Wang, Chunfang and Zhong, Weijian and Gao, Yu-Tang and Jin, Fan and Xiang, Yong-Bing and others},
  journal={European Journal of Cancer},
  volume={63},
  pages={1--10},
  year={2016},
  publisher={Elsevier}
}

@article{ota2008adjuvant,
  title={Adjuvant hysterectomy for treatment of residual disease in patients with cervical cancer treated with radiation therapy},
  author={Ota, T and Takeshima, N and Tabata, T and Hasumi, K and Takizawa, K},
  journal={British journal of cancer},
  volume={99},
  number={8},
  pages={1216--1220},
  year={2008},
  publisher={Nature Publishing Group}
}

@article{guo2020deep,
  title={Deep learning-based ovarian cancer subtypes identification using multi-omics data},
  author={Guo, Long-Yi and Wu, Ai-Hua and Wang, Yong-xia and Zhang, Li-ping and Chai, Hua and Liang, Xue-Fang},
  journal={BioData Mining},
  volume={13},
  number={1},
  pages={1--12},
  year={2020},
  publisher={Springer}
}

@article{sun2019identification,
  title={Identification of 12 cancer types through genome deep learning},
  author={Sun, Yingshuai and Zhu, Sitao and Ma, Kailong and Liu, Weiqing and Yue, Yao and Hu, Gang and Lu, Huifang and Chen, Wenbin},
  journal={Scientific reports},
  volume={9},
  number={1},
  pages={1--9},
  year={2019},
  publisher={Nature Publishing Group}
}